[gd_scene load_steps=8 format=2]

[ext_resource path="res://maps/Race.tscn" type="PackedScene" id=1]
[ext_resource path="res://assets/test.png" type="Texture" id=2]

[sub_resource type="SpatialMaterial" id=1]
albedo_texture = ExtResource( 2 )
uv1_scale = Vector3( 10, 10, 10 )

[sub_resource type="CubeMesh" id=2]
material = SubResource( 1 )
size = Vector3( 20, 10, 200 )

[sub_resource type="BoxShape" id=3]
extents = Vector3( 10, 5, 100 )

[sub_resource type="CubeMesh" id=4]
material = SubResource( 1 )
size = Vector3( 20, 10, 40 )

[sub_resource type="BoxShape" id=5]
extents = Vector3( 10, 5, 20 )

[node name="Race2" instance=ExtResource( 1 )]
sky_color = Color( 0.988235, 0.615686, 0.615686, 1 )
title = "Runway"
music = 1
time_limit = 30.0

[node name="MeshInstance" type="MeshInstance" parent="Track" index="0"]
transform = Transform( 1, 0, 0, 0, 1, 0, 0, 0, 1, 0, -2, 80 )
mesh = SubResource( 2 )
material/0 = null

[node name="StaticBody" type="StaticBody" parent="Track/MeshInstance" index="0"]
collision_layer = 3
collision_mask = 0

[node name="CollisionShape" type="CollisionShape" parent="Track/MeshInstance/StaticBody" index="0"]
shape = SubResource( 3 )

[node name="MeshInstance2" type="MeshInstance" parent="Track" index="1"]
transform = Transform( 1, 0, 0, 0, 0.965926, 0.258819, 0, -0.258819, 0.965926, 0, 3, 198 )
mesh = SubResource( 4 )
material/0 = null

[node name="StaticBody" type="StaticBody" parent="Track/MeshInstance2" index="0"]
collision_layer = 3
collision_mask = 0

[node name="CollisionShape" type="CollisionShape" parent="Track/MeshInstance2/StaticBody" index="0"]
shape = SubResource( 5 )

[node name="SpawnPositionLow" parent="." index="1"]
transform = Transform( -1, 0, -8.74228e-08, 0, 1, 0, 8.74228e-08, 0, -1, -5, 3, -3 )

[node name="SpawnPositionHigh" parent="." index="2"]
transform = Transform( -1, 0, -8.74228e-08, 0, 1, 0, 8.74228e-08, 0, -1, 5, 3, 19 )

[node name="Finish" parent="." index="5"]
transform = Transform( 1, 0, 0, 0, 1, 0, 0, 0, 1, 0, 20, -230 )

[node name="Camera" parent="." index="6"]
transform = Transform( 0.866025, -0.12941, 0.482963, 0, 0.965926, 0.258819, -0.5, -0.224144, 0.836516, 18, 21, -162 )
